%YAML 1.1
%TAG !u! tag:unity3d.com,2011:
--- !u!1 &6158725891211711372
GameObject:
  m_ObjectHideFlags: 0
  m_CorrespondingSourceObject: {fileID: 0}
  m_PrefabInstance: {fileID: 0}
  m_PrefabAsset: {fileID: 0}
  serializedVersion: 6
  m_Component:
  - component: {fileID: 2410446926173074979}
  m_Layer: 6
  m_Name: Attach
  m_TagString: Untagged
  m_Icon: {fileID: 0}
  m_NavMeshLayer: 0
  m_StaticEditorFlags: 0
  m_IsActive: 1
--- !u!4 &2410446926173074979
Transform:
  m_ObjectHideFlags: 0
  m_CorrespondingSourceObject: {fileID: 0}
  m_PrefabInstance: {fileID: 0}
  m_PrefabAsset: {fileID: 0}
  m_GameObject: {fileID: 6158725891211711372}
  m_LocalRotation: {x: -0.26826963, y: -0, z: -0, w: 0.9633439}
  m_LocalPosition: {x: 0, y: 0, z: 0}
  m_LocalScale: {x: 1, y: 1, z: 1}
  m_Children: []
  m_Father: {fileID: 8100496471536968832}
  m_RootOrder: 0
  m_LocalEulerAnglesHint: {x: -31.123, y: 0, z: 0}
--- !u!1 &7947359259528359856
GameObject:
  m_ObjectHideFlags: 0
  m_CorrespondingSourceObject: {fileID: 0}
  m_PrefabInstance: {fileID: 0}
  m_PrefabAsset: {fileID: 0}
  serializedVersion: 6
  m_Component:
  - component: {fileID: 5507187768361652349}
  - component: {fileID: 3628952775510049740}
  - component: {fileID: 5924670484601916926}
  m_Layer: 6
  m_Name: Tip
  m_TagString: Untagged
  m_Icon: {fileID: 0}
  m_NavMeshLayer: 0
  m_StaticEditorFlags: 0
  m_IsActive: 1
--- !u!4 &5507187768361652349
Transform:
  m_ObjectHideFlags: 0
  m_CorrespondingSourceObject: {fileID: 0}
  m_PrefabInstance: {fileID: 0}
  m_PrefabAsset: {fileID: 0}
  m_GameObject: {fileID: 7947359259528359856}
  m_LocalRotation: {x: 0, y: 0, z: 0, w: 1}
  m_LocalPosition: {x: 0, y: 0.527, z: -0.02}
  m_LocalScale: {x: 1, y: 1, z: 1}
  m_Children: []
  m_Father: {fileID: 8100496471536968832}
  m_RootOrder: 1
  m_LocalEulerAnglesHint: {x: 0, y: 0, z: 0}
--- !u!96 &3628952775510049740
TrailRenderer:
  serializedVersion: 2
  m_ObjectHideFlags: 0
  m_CorrespondingSourceObject: {fileID: 0}
  m_PrefabInstance: {fileID: 0}
  m_PrefabAsset: {fileID: 0}
  m_GameObject: {fileID: 7947359259528359856}
  m_Enabled: 1
  m_CastShadows: 1
  m_ReceiveShadows: 1
  m_DynamicOccludee: 1
  m_MotionVectors: 0
  m_LightProbeUsage: 0
  m_ReflectionProbeUsage: 0
  m_RayTracingMode: 0
  m_RayTraceProcedural: 0
  m_RenderingLayerMask: 1
  m_RendererPriority: 0
  m_Materials:
  - {fileID: 10301, guid: 0000000000000000f000000000000000, type: 0}
  m_StaticBatchInfo:
    firstSubMesh: 0
    subMeshCount: 0
  m_StaticBatchRoot: {fileID: 0}
  m_ProbeAnchor: {fileID: 0}
  m_LightProbeVolumeOverride: {fileID: 0}
  m_ScaleInLightmap: 1
  m_ReceiveGI: 1
  m_PreserveUVs: 0
  m_IgnoreNormalsForChartDetection: 0
  m_ImportantGI: 0
  m_StitchLightmapSeams: 1
  m_SelectedEditorRenderState: 3
  m_MinimumChartSize: 4
  m_AutoUVMaxDistance: 0.5
  m_AutoUVMaxAngle: 89
  m_LightmapParameters: {fileID: 0}
  m_SortingLayerID: 0
  m_SortingLayer: 0
  m_SortingOrder: 0
  m_Time: 0.3
  m_Parameters:
    serializedVersion: 3
    widthMultiplier: 1
    widthCurve:
      serializedVersion: 2
      m_Curve:
      - serializedVersion: 3
        time: 0
        value: 0.09793814
        inSlope: -0.09733167
        outSlope: -0.09733167
        tangentMode: 0
        weightedMode: 0
        inWeight: 0
        outWeight: 0.16280143
      - serializedVersion: 3
        time: 0.97590363
        value: 0.03174603
        inSlope: 0
        outSlope: 0
        tangentMode: 0
        weightedMode: 0
        inWeight: 0
        outWeight: 0
      m_PreInfinity: 2
      m_PostInfinity: 2
      m_RotationOrder: 4
    colorGradient:
      serializedVersion: 2
      key0: {r: 0.7279002, g: 0.07075471, b: 1, a: 1}
      key1: {r: 0.73333335, g: 0.09019608, b: 1, a: 0.85882354}
      key2: {r: 1, g: 1, b: 1, a: 0.7058824}
      key3: {r: 0, g: 0, b: 0, a: 0}
      key4: {r: 0, g: 0, b: 0, a: 0}
      key5: {r: 0, g: 0, b: 0, a: 0}
      key6: {r: 0, g: 0, b: 0, a: 0}
      key7: {r: 0, g: 0, b: 0, a: 0}
      ctime0: 0
      ctime1: 65535
      ctime2: 65535
      ctime3: 0
      ctime4: 0
      ctime5: 0
      ctime6: 0
      ctime7: 0
      atime0: 0
      atime1: 65535
      atime2: 65535
      atime3: 0
      atime4: 0
      atime5: 0
      atime6: 0
      atime7: 0
      m_Mode: 0
      m_NumColorKeys: 2
      m_NumAlphaKeys: 2
    numCornerVertices: 0
    numCapVertices: 0
    alignment: 0
    textureMode: 0
    shadowBias: 0.5
    generateLightingData: 0
  m_MinVertexDistance: 1.2
  m_Autodestruct: 0
  m_Emitting: 1
--- !u!114 &5924670484601916926
MonoBehaviour:
  m_ObjectHideFlags: 0
  m_CorrespondingSourceObject: {fileID: 0}
  m_PrefabInstance: {fileID: 0}
  m_PrefabAsset: {fileID: 0}
  m_GameObject: {fileID: 7947359259528359856}
  m_Enabled: 1
  m_EditorHideFlags: 0
  m_Script: {fileID: 11500000, guid: eedca55355dcfca4391ff8ad0e7a2a0b, type: 3}
  m_Name: 
  m_EditorClassIdentifier: 
  rbForVelocity: {fileID: 8100496471536881660}
  thresholdVelocity: 4
--- !u!1 &8100496471536881658
GameObject:
  m_ObjectHideFlags: 0
  m_CorrespondingSourceObject: {fileID: 0}
  m_PrefabInstance: {fileID: 0}
  m_PrefabAsset: {fileID: 0}
  serializedVersion: 6
  m_Component:
  - component: {fileID: 8100496471536968832}
  - component: {fileID: 8100496471539941380}
  - component: {fileID: 8100496471539254212}
  - component: {fileID: 8110831885289704966}
  - component: {fileID: 8100496471536881660}
  - component: {fileID: 8100496471536881659}
  m_Layer: 6
  m_Name: Sword
  m_TagString: Untagged
  m_Icon: {fileID: 0}
  m_NavMeshLayer: 0
  m_StaticEditorFlags: 0
  m_IsActive: 1
--- !u!4 &8100496471536968832
Transform:
  m_ObjectHideFlags: 0
  m_CorrespondingSourceObject: {fileID: 0}
  m_PrefabInstance: {fileID: 0}
  m_PrefabAsset: {fileID: 0}
  m_GameObject: {fileID: 8100496471536881658}
  m_LocalRotation: {x: -0, y: -0, z: -0, w: 1}
  m_LocalPosition: {x: 0.25392914, y: -16.962, z: -11.144}
  m_LocalScale: {x: 1, y: 1, z: 1}
  m_Children:
  - {fileID: 2410446926173074979}
  - {fileID: 5507187768361652349}
  m_Father: {fileID: 0}
  m_RootOrder: 0
  m_LocalEulerAnglesHint: {x: 0, y: 0, z: 0}
--- !u!33 &8100496471539941380
MeshFilter:
  m_ObjectHideFlags: 0
  m_CorrespondingSourceObject: {fileID: 0}
  m_PrefabInstance: {fileID: 0}
  m_PrefabAsset: {fileID: 0}
  m_GameObject: {fileID: 8100496471536881658}
  m_Mesh: {fileID: 4300000, guid: 089abf828fdceb44f9219e7b0bedbb9d, type: 3}
--- !u!23 &8100496471539254212
MeshRenderer:
  m_ObjectHideFlags: 0
  m_CorrespondingSourceObject: {fileID: 0}
  m_PrefabInstance: {fileID: 0}
  m_PrefabAsset: {fileID: 0}
  m_GameObject: {fileID: 8100496471536881658}
  m_Enabled: 1
  m_CastShadows: 1
  m_ReceiveShadows: 1
  m_DynamicOccludee: 1
  m_MotionVectors: 1
  m_LightProbeUsage: 1
  m_ReflectionProbeUsage: 1
  m_RayTracingMode: 2
  m_RayTraceProcedural: 0
  m_RenderingLayerMask: 1
  m_RendererPriority: 0
  m_Materials:
  - {fileID: 2100000, guid: 4eaaa3032586832468e97a6452e498a4, type: 2}
  m_StaticBatchInfo:
    firstSubMesh: 0
    subMeshCount: 0
  m_StaticBatchRoot: {fileID: 0}
  m_ProbeAnchor: {fileID: 0}
  m_LightProbeVolumeOverride: {fileID: 0}
  m_ScaleInLightmap: 1
  m_ReceiveGI: 1
  m_PreserveUVs: 0
  m_IgnoreNormalsForChartDetection: 0
  m_ImportantGI: 0
  m_StitchLightmapSeams: 1
  m_SelectedEditorRenderState: 3
  m_MinimumChartSize: 4
  m_AutoUVMaxDistance: 0.5
  m_AutoUVMaxAngle: 89
  m_LightmapParameters: {fileID: 0}
  m_SortingLayerID: 0
  m_SortingLayer: 0
  m_SortingOrder: 0
  m_AdditionalVertexStreams: {fileID: 0}
--- !u!64 &8110831885289704966
MeshCollider:
  m_ObjectHideFlags: 0
  m_CorrespondingSourceObject: {fileID: 0}
  m_PrefabInstance: {fileID: 0}
  m_PrefabAsset: {fileID: 0}
  m_GameObject: {fileID: 8100496471536881658}
  m_Material: {fileID: 0}
  m_IsTrigger: 0
  m_Enabled: 1
  serializedVersion: 4
  m_Convex: 1
  m_CookingOptions: 30
  m_Mesh: {fileID: 43658870469786758, guid: f50fe48b5a1b3c94cb89fddeb15ea848, type: 2}
--- !u!54 &8100496471536881660
Rigidbody:
  m_ObjectHideFlags: 0
  m_CorrespondingSourceObject: {fileID: 0}
  m_PrefabInstance: {fileID: 0}
  m_PrefabAsset: {fileID: 0}
  m_GameObject: {fileID: 8100496471536881658}
  serializedVersion: 2
  m_Mass: 1
  m_Drag: 0
  m_AngularDrag: 0.05
  m_UseGravity: 0
  m_IsKinematic: 0
  m_Interpolate: 0
  m_Constraints: 0
  m_CollisionDetection: 2
--- !u!114 &8100496471536881659
MonoBehaviour:
  m_ObjectHideFlags: 0
  m_CorrespondingSourceObject: {fileID: 0}
  m_PrefabInstance: {fileID: 0}
  m_PrefabAsset: {fileID: 0}
  m_GameObject: {fileID: 8100496471536881658}
  m_Enabled: 1
  m_EditorHideFlags: 0
  m_Script: {fileID: 11500000, guid: 0ad34abafad169848a38072baa96cdb2, type: 3}
  m_Name: 
  m_EditorClassIdentifier: 
  m_InteractionManager: {fileID: 0}
  m_Colliders: []
  m_InteractionLayerMask:
    serializedVersion: 2
    m_Bits: 4294967295
  m_CustomReticle: {fileID: 0}
  m_FirstHoverEntered:
    m_PersistentCalls:
      m_Calls: []
  m_LastHoverExited:
    m_PersistentCalls:
      m_Calls: []
  m_HoverEntered:
    m_PersistentCalls:
      m_Calls: []
  m_HoverExited:
    m_PersistentCalls:
      m_Calls: []
  m_SelectEntered:
    m_PersistentCalls:
      m_Calls:
      - m_Target: {fileID: 11500000, guid: 59157d8392f800147a1d8aa33f90b0da, type: 3}
        m_TargetAssemblyTypeName: 
        m_MethodName: 
        m_Mode: 1
        m_Arguments:
          m_ObjectArgument: {fileID: 0}
          m_ObjectArgumentAssemblyTypeName: 
          m_IntArgument: 0
          m_FloatArgument: 0
          m_StringArgument: 
          m_BoolArgument: 0
        m_CallState: 2
  m_SelectExited:
    m_PersistentCalls:
      m_Calls: []
  m_Activated:
    m_PersistentCalls:
      m_Calls: []
  m_Deactivated:
    m_PersistentCalls:
      m_Calls: []
  m_OnFirstHoverEntered:
    m_PersistentCalls:
      m_Calls: []
  m_OnLastHoverExited:
    m_PersistentCalls:
      m_Calls: []
  m_OnHoverEntered:
    m_PersistentCalls:
      m_Calls: []
  m_OnHoverExited:
    m_PersistentCalls:
      m_Calls: []
  m_OnSelectEntered:
    m_PersistentCalls:
      m_Calls: []
  m_OnSelectExited:
    m_PersistentCalls:
      m_Calls: []
  m_OnSelectCanceled:
    m_PersistentCalls:
      m_Calls: []
  m_OnActivate:
    m_PersistentCalls:
      m_Calls: []
  m_OnDeactivate:
    m_PersistentCalls:
      m_Calls: []
  m_AttachTransform: {fileID: 2410446926173074979}
  m_AttachEaseInTime: 0.15
  m_MovementType: 1
  m_VelocityDamping: 1
  m_VelocityScale: 1
  m_AngularVelocityDamping: 1
  m_AngularVelocityScale: 1
  m_TrackPosition: 1
  m_SmoothPosition: 1
  m_SmoothPositionAmount: 5
  m_TightenPosition: 0.5
  m_TrackRotation: 1
  m_SmoothRotation: 1
  m_SmoothRotationAmount: 5
  m_TightenRotation: 0.5
  m_ThrowOnDetach: 1
  m_ThrowSmoothingDuration: 0.25
  m_ThrowSmoothingCurve:
    serializedVersion: 2
    m_Curve:
    - serializedVersion: 3
      time: 1
      value: 1
      inSlope: 0
      outSlope: 0
      tangentMode: 0
      weightedMode: 0
      inWeight: 0
      outWeight: 0
    m_PreInfinity: 2
    m_PostInfinity: 2
    m_RotationOrder: 4
  m_ThrowVelocityScale: 1.5
  m_ThrowAngularVelocityScale: 1
  m_ForceGravityOnDetach: 0
  m_RetainTransformParent: 1
  m_AttachPointCompatibilityMode: 0
